
@article{kang2018,
	title = {miRTrace reveals the organismal origins of microRNA sequencing data},
	author = {Kang, Wenjing and Eldfjell, Yrin and Fromm, Bastian and Estivill, Xavier and Biryukova, Inna and {Friedländer}, Marc R.},
	year = {2018},
	month = {12},
	date = {2018-12},
	journal = {Genome Biology},
	volume = {19},
	number = {1},
	doi = {10.1186/s13059-018-1588-9},
	url = {http://dx.doi.org/10.1186/s13059-018-1588-9},
	langid = {en}
}

@misc{umu2022,
	title = {Accurate microRNA annotation of animal genomes using trained covariance models of curated microRNA complements in MirMachine},
	author = {Umu, {Sinan U{\u{g}}ur} and Paynter, Vanessa M. and Trondsen, {Håvard} and Buschmann, Tilo and Rounge, Trine B. and Peterson, Kevin J. and Fromm, Bastian},
	year = {2022},
	month = {11},
	date = {2022-11-25},
	url = {http://dx.doi.org/10.1101/2022.11.23.517654}
}
